<?xml version="1.0" encoding="UTF-8"?><collection xmlns="http://www.loc.gov/MARC21/slim"><record><leader>00497nam--2200181-i-4500</leader><controlfield tag="001">000034991</controlfield><controlfield tag="002">20161230</controlfield><controlfield tag="005">20161230201040</controlfield><controlfield tag="008">060222s1000------------r-----000-0-eng-d</controlfield><datafield ind1=" " ind2=" " tag="040"><subfield code="a">IFIN-HH</subfield></datafield><datafield ind1=" " ind2=" " tag="080"><subfield code="a">519.4</subfield></datafield><datafield ind1="1" ind2=" " tag="100"><subfield code="a">Murnaghan, Francis D</subfield></datafield><datafield ind1="1" ind2="0" tag="245"><subfield code="a">The unitary and rotation groups</subfield><subfield code="c">Francis d. murnaghan</subfield></datafield><datafield ind1=" " ind2=" " tag="260"><subfield code="a">Washington, D.C</subfield><subfield code="b">Spartan Books</subfield><subfield code="c">1962</subfield></datafield><datafield ind1=" " ind2=" " tag="300"><subfield code="a">VII+151P</subfield></datafield><datafield ind1=" " ind2=" " tag="490"><subfield code="a">Lectures On Applied Mathematics</subfield></datafield><datafield ind1=" " ind2=" " tag="852"><subfield code="a">33682</subfield><subfield code="c">519.4/5</subfield></datafield><datafield ind1=" " ind2=" " tag="CAT"><subfield code="a">Sys</subfield><subfield code="c">20130812</subfield><subfield code="h">162005</subfield></datafield></record></collection>